@www{define_phase,
author="Heidi Wiesenfelder",
title={DMAIC Phase 1: Define},
year="2012",
publisher="http://www.brighthubpm.com",
url={http://www.brighthubpm.com/six-sigma/23947-dmaic-phase-one-define/},
urldate={{S}etembro de 2012}
}

@www{measuring_phase,
author="Heidi Wiesenfelder",
title={DMAIC Phase 2: Meassuring},
year="2012",
publisher="http://www.brighthubpm.com",
url={http://www.brighthubpm.com/six-sigma/25326-dmaic-phase-two-measuring/},
urldate={{S}etembro de 2012}
}

@www{analyze_phase,
author="Heidi Wiesenfelder",
title={DMAIC Phase 3: Analyze},
year="2012",
publisher="http://www.brighthubpm.com",
url={http://www.brighthubpm.com/six-sigma/24789-dmaic-phase-three-the-analyze-phase/},
urldate={{S}etembro de 2012}
}

@www{improve_phase,
author="Heidi Wiesenfelder",
title={DMAIC Phase 4: Improve},
year="2012",
publisher="http://www.brighthubpm.com",
url={http://www.brighthubpm.com/six-sigma/25328-dmaic-phase-four-the-improve-phase/},
urldate={{S}etembro de 2012}
}

@www{control_phase,
author="Heidi Wiesenfelder",
title={DMAIC Phase 5: Control},
year="2012",
publisher="http://www.brighthubpm.com",
url={http://www.brighthubpm.com/six-sigma/27134-dmaic-phase-five-the-control-phase/},
urldate={{S}etembro de 2012}
}

@www{aedb,
author="Luís Fernando Nussde Souza, Fábio Marcos de Elias, Nara Vieira Vetter, Renato Moraes dos
Santos e Thiago Teixeira dos Santos",
title={Seis Sigma – Qualidade com lucratividade},
year="2012",
publisher="http://www.aedb.br",
url={http://www.aedb.br/seget/artigos07/1419_Seis%20Sigma%20-%20Qualidade%20com%20lucratividade.pdf},
urldate={{S}etembro de 2012}
}